<?xml version="1.0" encoding="UTF-8"?><collection><record><leader>05413ntm a2200505 a 4500</leader><controlfield tag="001">006825748</controlfield><controlfield tag="003">MiAaHDL</controlfield><controlfield tag="005">20190719000000.0</controlfield><controlfield tag="006">m        d        </controlfield><controlfield tag="007">cr bn ---auaua</controlfield><controlfield tag="008">090626s193u    xx            00| ||ara d</controlfield><datafield tag="035" ind1=" " ind2=" "><subfield code="a">(MiU)006825748</subfield></datafield><datafield tag="035" ind1=" " ind2=" "><subfield code="a">sdr-miu006825748</subfield></datafield><datafield tag="040" ind1=" " ind2=" "><subfield code="a">MiU</subfield><subfield code="c">MiU</subfield><subfield code="e">amremm</subfield></datafield><datafield tag="043" ind1=" " ind2=" "><subfield code="a">n-us-mi</subfield></datafield><datafield tag="245" ind1="0" ind2="0"><subfield code="6">880-03</subfield><subfield code="a">Tanwīr al-āfāq taqrīb Kitāb Tahdhīb al-akhlāq,</subfield><subfield code="f">[193-?].</subfield></datafield><datafield tag="246" ind1="3" ind2="8"><subfield code="a">تنوير الآفاق</subfield></datafield><datafield tag="260" ind1=" " ind2=" "><subfield code="c">[193-?].</subfield></datafield><datafield tag="300" ind1=" " ind2=" "><subfield code="a">46 leaves :</subfield><subfield code="b">paper ;</subfield><subfield code="c">338 x 230 mm. bound to 345 x 239 mm.</subfield></datafield><datafield tag="500" ind1=" " ind2=" "><subfield code="a">Shelfmark: Ann Arbor, University of Michigan, Special Collections Library, Isl. Ms. 934</subfield></datafield><datafield tag="500" ind1=" " ind2=" "><subfield code="a">Origin: Lacks dated colophon ; likely copied in Egypt in the late 1930s and bound for James Heyworth-Dunne (d.1974).</subfield></datafield><datafield tag="500" ind1=" " ind2=" "><subfield code="a">Former shelfmark: Mich. Isl. Ms. temp. no. 83</subfield></datafield><datafield tag="500" ind1=" " ind2=" "><subfield code="a">Binding: Boards covered in dark green cloth with dark green leather over spine (quarter binding) ; pastedowns and flyleaves in wove paper printed with a floral vegetal pattern in green ; spine gold-stamped with title and decorative accents over raised bands " تنوير | الآفاق | J.H.D." ; sewing difficult to examine ; stuck-on endbands (blue and white stripe) ; overall in fairly good condition.</subfield></datafield><datafield tag="500" ind1=" " ind2=" "><subfield code="a">Support: Lined / ruled wove paper.</subfield></datafield><datafield tag="500" ind1=" " ind2=" "><subfield code="a">Script: Ruqʻah ; compact hand in a medium line ; serifless and freely ligatured with slight effect of tilt to the right and of words descending to baseline, mainly closed counters, pointing in strokes rather than distinct dots.</subfield></datafield><datafield tag="500" ind1=" " ind2=" "><subfield code="a">Layout: Written mainly in 27 lines per page.</subfield></datafield><datafield tag="500" ind1=" " ind2=" "><subfield code="a">Collation: i,4 V(40), III (46), i (as suggested by quire numbering, sewing virtually impossible to examine) ; chiefly quinions ; quire numbering in the form of Hindu-Arabic numerals accompanied by letter kāf (ك) appearing on the opening recto of each gathering from the second (see pp.21, 41, 61, 81) ; pagination in black ink, Hindu-Arabic numerals ; pagination in pencil, Western numerals, supplied during digitization.</subfield></datafield><datafield tag="500" ind1=" " ind2=" "><subfield code="a">Explicit: "ولم يظهر الجزع عليه وقال انني ما ولدت ولدا لا يموت وانما ولدت ولدا يموت هذا هذا [كذا] وحيث ذكرنا كثيرا من الامراض وذكرنا علاجاتها فليتسعن بهذا النموذج طالب الصحة والشفاء ... فانه سيجد شفاءها بالاستنباط مما ذكرناه والله يتولي هداه وليكن هذا آخر ما اوردنا تلخيصه من كتاب تهذيب الاخلاق وتطهير الاعراق للحكيم الفاضل ... احمد بن محمد بن مسكويه ... والسلام على من اتبع الهداية ففاز بالحسنى والدراية آمين ولنتبع ذلك برسالة الفوز الاصغر المعروفة النسبة الى المصنف"</subfield></datafield><datafield tag="500" ind1=" " ind2=" "><subfield code="a">Incipit: "نحمدك اللهم ولا نحصى ثناء عليك ونستغفرك ونسترضيك ونتوب اليك ... اما بعد فان الله تعالى بعد ان خلق الخلائق وذرأ البرايا اصطفى منها نوع الانسان وجبله من طين مؤلف من مختلف الاركان ... وكان مما ظفرت به يدي واسعدني به دهري كتاب تهذيب الاخلاق وتطهير الاعراق للحكيم الفاضل الفيلسوف الكامل الاستاذ الامام ابي علي احمد بن محمد بن يعقوب بن مسكويه ... فلهذا وذاك وجدتني نشطا الى تهذيبه وتلخيصه ... فما زلت اعاني النفس في ذلك ... فذلكة الكتاب والكتاب يشتمل على مقدمة ومقالات اربع ..."</subfield></datafield><datafield tag="500" ind1=" " ind2=" "><subfield code="a">Title from inscription on 'title page' (p.1).</subfield></datafield><datafield tag="500" ind1=" " ind2=" "><subfield code="a">Ms. codex.</subfield></datafield><datafield tag="510" ind1="4" ind2=" "><subfield code="a">Brockelmann, C. GAL,</subfield><subfield code="c">I 342 ; S I 582 ff.</subfield></datafield><datafield tag="520" ind1="8" ind2=" "><subfield code="a">Careful copy of an anonymous abridgement of Abū ʻAlī Aḥmad ibn Muḥammad Miskawayh's (d. 1030) treatise on ethics, Tahdhīb al-akhlāq wa-taṭhīr al-aʻrāq .</subfield></datafield><datafield tag="538" ind1=" " ind2=" "><subfield code="a">Mode of access: Internet.</subfield></datafield><datafield tag="541" ind1=" " ind2=" "><subfield code="a">Acquired in the Fall of 1950.</subfield></datafield><datafield tag="546" ind1=" " ind2=" "><subfield code="a">Arabic.</subfield></datafield><datafield tag="561" ind1=" " ind2=" "><subfield code="a">On upper pastedown, label with ex libris of James Heyworth-Dunne (d.1974), stamped with inventory number, "Ex Libris | J. Heyworth-Dunne | D. Lit. (London) | No 7975" ; UM Library inscription on verso of front flyleaf "Dunning | Heyworth-Dunne | 6-11-51 | 71955" ; possible former inventory mark in pencil on verso of final leaf (p.92) "231 / 53" ; numerous marginal glosses in the hand of the copyist.</subfield></datafield><datafield tag="650" ind1=" " ind2="0"><subfield code="a">Manuscripts, Arabic</subfield><subfield code="z">Michigan</subfield><subfield code="z">Ann Arbor.</subfield></datafield><datafield tag="650" ind1=" " ind2="0"><subfield code="a">Muslims</subfield><subfield code="x">Conduct of life</subfield><subfield code="v">Early works to 1800.</subfield></datafield><datafield tag="650" ind1=" " ind2="0"><subfield code="a">Islamic ethics</subfield><subfield code="v">Early works to 1800.</subfield></datafield><datafield tag="700" ind1="1" ind2=" "><subfield code="a">Heyworth-Dunne, J.</subfield><subfield code="q">(James),</subfield><subfield code="e">former owner.</subfield></datafield><datafield tag="700" ind1="1" ind2="2"><subfield code="a">ابن مسكويه، احمد بن محمد.</subfield><subfield code="t">تهذيب الاخلاق وتطهير الاعراق.</subfield><subfield code="k">تلخيص.</subfield></datafield><datafield tag="700" ind1="1" ind2="2"><subfield code="a">Ibn Miskawayh, Aḥmad ibn Muḥammad,</subfield><subfield code="d">-1030.</subfield><subfield code="t">Tahdhīb al-akhlāq wa-taṭhīr al-aʻrāq.</subfield><subfield code="k">Abridgement.</subfield></datafield><datafield tag="773" ind1="0" ind2=" "><subfield code="a">Heyworth-Dunne Collection.</subfield></datafield><datafield tag="880" ind1="0" ind2="0"><subfield code="6">245-03/</subfield><subfield code="a">تنوير الآفاق تقريب كتاب تهذهيب الاخلاق,</subfield><subfield code="f">[193-م?].</subfield></datafield><datafield tag="CID" ind1=" " ind2=" "><subfield code="a">006825748</subfield></datafield><datafield tag="DAT" ind1="0" ind2=" "><subfield code="a">20190719102640.0</subfield><subfield code="b">20190719000000.0</subfield></datafield><datafield tag="DAT" ind1="1" ind2=" "><subfield code="a">20190719090653.0</subfield><subfield code="b">2019-07-19T16:11:23Z</subfield></datafield><datafield tag="DAT" ind1="2" ind2=" "><subfield code="a">2015-10-02T18:00:03Z</subfield></datafield><datafield tag="CAT" ind1=" " ind2=" "><subfield code="a">SDR-MIU</subfield><subfield code="d">EX LIBRIS - ALEPH</subfield><subfield code="l">prepare.pl-004-008</subfield></datafield><datafield tag="FMT" ind1=" " ind2=" "><subfield code="a">BK</subfield></datafield><datafield tag="HOL" ind1=" " ind2=" "><subfield code="0">sdr-miu006825748</subfield><subfield code="a">MiU</subfield><subfield code="b">SDR</subfield><subfield code="c">MIU</subfield><subfield code="p">mdp.39015079131150</subfield><subfield code="s">MIU</subfield><subfield code="1">006825748</subfield></datafield><datafield tag="974" ind1=" " ind2=" "><subfield code="b">MIU</subfield><subfield code="c">MIU</subfield><subfield code="d">20190719</subfield><subfield code="s">lit-dlps-dc</subfield><subfield code="u">mdp.39015079131150</subfield><subfield code="y">1939</subfield><subfield code="r">ic-world</subfield><subfield code="q">man</subfield></datafield></record></collection>